%---------------------------------------------------------------------------------------------------
% Regeln:
% - Autoren immer mit `and' verbinden
% - Umlaute und sz mit {\"a}, {\"o}, {\"u}, {\ss}, {\"A}, ...
%---------------------------------------------------------------------------------------------------

% Beginn des Literaturverzeichnisses ---------------------------------------------------------------

%---------------------------------------------------------------------------------------------------
% URLs
%---------------------------------------------------------------------------------------------------

@Misc{Nefzger,
	author = "Emil Nefzger",
	title = "Die Brennstoffzelle wird sich durchsetzen",
	publisher = "Spiegel",
	url = "http://www.spiegel.de/auto/aktuell/wasserstoffauto-die-brennstoffzelle-wird-					sich-durchsetzen-a-1235431.html",
	year = "2018",
}

@Misc{Schirmbacher,
	author = "Dr. Martin Schirmbacher",
	title = "Google Analytics und Datenschutz (DSGVO) ? diese rechtlichen Anforderungen 				musst du erf{\"u}llen",
	publisher = "www.121watt.de",
	url = "https://www.121watt.de/online-marketing/google-analytics-datenschutz-konform/",
	year = "2018",
}

@Booklet{bestPractice,
	title = "Dilemma: when to use Fragments vs Activities",
	publisher = "https://stackoverflow.com",
	url = "https://stackoverflow.com/questions/20306091/dilemma-when-to-use-fragments-vs-				activities",
	year = "2013",
}

@Booklet{activity,
	title = "Activity",
	publisher = "https://developer.android.com/",
	url = "https://developer.android.com/reference/android/app/											Activity#ActivityLifecycle",
	year = "2018",
}

@Booklet{fragment,
	title = "Erstellen eines Fragments",
	publisher = "https://docs.microsoft.com",
	url = "https://docs.microsoft.com/de-de/xamarin/android/platform/fragments/creating-a-				fragment",
	year = "2018",
}

@Misc{javaUdemy,
	author = "Christian Getsy",
	title = "Java leicht gemacht - Der umfassende Java Einsteigerkurs A-Z",
	url = "https://www.udemy.com/programmieren-lernen-mit-java-ein-kurs-fur-einsteiger/",
	year = "2018",
}

@Misc{androidUdemy,
	author = "Denis Panjuta",
	title = "Der Komplette Android 8 Entwickler Kurs - Erstelle 20+ Apps",
	url = "https://www.udemy.com/der-komplette-android-8-entwickler-kurs/",
	year = "2018",
}

@Misc{linux,
	author = "Joseph Delgadillo",
	title = "The Complete Linux Course: Beginner to Power User!",
	url = "https://www.youtube.com/watch?v=wBp0Rb-ZJak",
	year = "2017",
}

@Booklet{gitlab,
	title = "GitLab",
	url = "https://de.wikipedia.org/wiki/GitLab",
	year = "2019",
}

@Booklet{javaScript,
	title = "JavaScript",
	url = "https://de.wikipedia.org/wiki/JavaScript",
	year = "2019",
}

@Booklet{json,
	title = "JavaScript Object Notation",
	url = "https://de.wikipedia.org/wiki/JavaScript_Object_Notation",
	year = "2019",
}

@Booklet{xmlHtml,
	title = "XML vs. HTML: Die Unterschiede einfach erklärt",
	url = "https://www.as-computer.de/wissen/unterschiede-html-und-xml/",
	year = "2018",
}






%----------------------------------------------------------------------------------

@Book{gossner,
  title     = {Grundlagen der Elektronik Halbleiter, Bauelemente und Schaltungen},
  publisher = {Shaker Verlag},
  year      = {2011},
  author    = {Stefan Goßner},
  edition   = {8. ergänzte Auflage},
}

@Book{tietze,
  title     = {Halbleiter-Schaltungstechnik},
  publisher = {Springer Vieweg},
  year      = {2016},
  author    = {Ulrich Tietze, Christoph Schenk, Eberhard Gamm},
  edition   = {15. Auflage},
}

@Book{reinhold,
  title     = {Elektronische Schaltungstechnik},
  publisher = {Fachbuchverlag Leipzig im Carl Hanser Verlag},
  year      = {2010},
  author    = {Wolfgang Reinhold},
}

@Booklet{antiali,
  title = {Antialiasing (Computergrafik)},
  url   = {https://de.wikipedia.org/wiki/Antialiasing_(Computergrafik)},
}







%---------------------------------------------------------------------------------------------------
% Bücher
%---------------------------------------------------------------------------------------------------

@book{Gorne:2015,
  author =       "T. G{\"o}rne",
  title =        "Tontechnik",
  publisher =    "Carl Hanser",
    edition = 	 "forth",
  year =         "2015",
}

@book{Zollner:2009,
  author =       "M. Zollner",
  title =        "Physik der Elektrogitarre",
  publisher =    "Prepublication",
  year =         "2009",
}


@book{Dickreiter:2014,
  author =       "M. Dickreiter and V. Dittel and W. Hoeg and M. W{\"o}hr ",
  title =        "Handbuch der Tonstudiotechnik",
  publisher =    "De Gruyter Saur",
  edition = 	 "eighth",
  year =         "2014",
}

@book{Dailey:2014,
  author =       "D. Dailey",
  title =        "Electronics for Guitarists",
  publisher =    "Springer",
  year =         "2011",
}

@book{Winer:2012,
  author =       "E. Winer",
  title =        "The Audio Expert - Everything you need to know about audio",
  publisher =    "Focal Press",
    edition = 	 "second",
  year =         "2011",
}

@book{Strom:2015,
	author = "I. Storm",
	title = "HiFi-Sound statt Himbeergr{\"u}tze",
	publisher = "CT magazin für computer technik",
	year = "2015",
}

@mastersthesis{Albers:2017,
  title =        "Entwicklung und Realisierung einer
Raspberry Pi-Aufsteckplatine zur Bereitstellung
von hochwertigen analogen Audioschnittstellen",
  author =       "S. Albers",
  year =         "2017",
  type = 	 "B.Sc. thesis",
  school =       "HAW-Hamburg",
  url		= "http://edoc.sub.uni-hamburg.de/haw/volltexte/2017/4007/pdf/Sebastian_Albers_Bachelorthesis.pdf",
}

@book{Zolzer:2002,
  author =       "U. Zolzer",
  title =        "DAFX - Digital Audio Effects",
  publisher =    "John Wiley and Sons",
  year =         "2002",
}

@book{Werner:2010,
  author =       "M. Werner",
  title =        "Nachrichtentechnik",
  publisher =    "Springer Vieweg",
  edition =      "seventh",
  year =         "2010",
}

@book{Hodgson:2010,
  author =       "J. Hodgson",
  title =        "Understanding Records: A Field Guide To Recording Practice",
  publisher =    "Continuum",
  year =         "2010",
}

@misc{Sengpiel:2007,
	title 		= "Verzerrungen - Lineare und nichtlineare Verzerrung",
	author		= "UdK-Berlin-Sengpiel ",
	year		= "2007",
	note		= "Tutorial",
	url		= "http://www.sengpielaudio.com/LineareUndNichtlineareVerzerrung.pdf",	
}

@misc{Rohde:2005,
	title 		= "Harmonischen- und Klirrfaktormessungen auf Knopfdruck",
	author		= "Jens Franke",
	year		= "2005",
	note		= "Neues von Rohde und Schwarz - Heft 187",
	url		= "https://cdn.rohde-schwarz.com/pws/dl_downloads/dl_common_library/dl_news_from_rs/187/n187_fsp_de.pdf",	
}

@misc{Tl061:2015,
  title 	= "Operational amplifier TL06xx DATASHEET",
  author 	= "Texas-Instruments",
  year 		= "2015",
  type 		= "Datasheet",
	url		= "http://www.ti.com/lit/ds/symlink/tl061.pdf",
}

@misc{Tl071:2017,
  title 	= "Operational amplifier TL07xx DATASHEET",
  author 	= "TexasInstruments",
  year 		= "2017",
  type 		= "Datasheet",
	url		= "http://www.ti.com/lit/ds/symlink/tl071a.pdf",
}

@misc{Pi:2005,
	title 		= "Power Supply",
	author		= "Raspberry-Pi(Foundation)",
	note		= "Documentation",
	url		= "https://www.raspberrypi.org/documentation/hardware/raspberrypi/power/README.md",	
}

@misc{MWLRS35:2016,
  title 	= "MW-LRS35 Switching Power Supply DATASHEET",
  author 	= "Mean-Well",
  year 		= "2016",
  type 		= "Datasheet",
	url		= "http://cdn-reichelt.de/documents/datenblatt/D400/MW_LRS_35_XX.pdf",
}

@misc{DCDC:2017,
  title 	= "DC-DC Step Down LM2596 DATASHEET",
  author 	= "Qqtrading-electronics",
  type 		= "Specification",
	url		= "http://qqtrading.com.my/dc-dc-step-down-adjustable-voltage-3a-lm2596-buck-converter",
}


@misc{ElectroSmash:2017,
  title 	= "MXR MicroAmp Analysis",
  author 	= "Rad-J.",
  type 		= "Electronic Tutorials",
	url		= "https://www.electrosmash.com/mxr-microamp",
}

@misc{LCD:2016,
  title 	= "LCD MODULE 202A SERIES DATASHEET",
  author 	= "Displaytech-Ltd.",
  type 		= "Datasheet",
	url		= "http://cdn-reichelt.de/documents/datenblatt/A500/LCD202a_Serie%23DIS.pdf",
}
% Ende des Literaturverzeichnisses -----------------------------------------------------------------